<?xml version="1.0" encoding="UTF-8" ?><marc:collection xmlns:marc="http://www.loc.gov/MARC21/slim" xmlns:xsi="http://www.w3.org/2001/XMLSchema-instance" xsi:schemaLocation="http://www.loc.gov/MARC21/slim http://www.loc.gov/standards/marcxml/schema/MARC21slim.xsd">
<marc:record><marc:leader>03299cam a2200469Ii 4500</marc:leader>
<marc:controlfield tag="001">b13767598</marc:controlfield>
<marc:controlfield tag="003">UaCaAUL</marc:controlfield><marc:controlfield tag="005">20170801102039.0</marc:controlfield><marc:controlfield tag="008">060731m19141916ua       b    000 0 ara d</marc:controlfield><marc:datafield tag="035" ind1=" " ind2=" "><marc:subfield code="a">(OCoLC)318947191</marc:subfield></marc:datafield><marc:datafield tag="040" ind1=" " ind2=" "><marc:subfield code="a">MEAUC</marc:subfield><marc:subfield code="b">eng</marc:subfield><marc:subfield code="e">rda</marc:subfield><marc:subfield code="c">MEAUC</marc:subfield><marc:subfield code="d">OCLCQ</marc:subfield><marc:subfield code="d">OCLCO</marc:subfield><marc:subfield code="d">OCLCF</marc:subfield><marc:subfield code="d">OCLCO</marc:subfield><marc:subfield code="d">MEAUC</marc:subfield></marc:datafield><marc:datafield tag="043" ind1=" " ind2=" "><marc:subfield code="a">a-ir---</marc:subfield><marc:subfield code="a">a------</marc:subfield><marc:subfield code="a">f------</marc:subfield></marc:datafield><marc:datafield tag="049" ind1=" " ind2=" "><marc:subfield code="a">MAIN</marc:subfield></marc:datafield><marc:datafield tag="066" ind1=" " ind2=" "><marc:subfield code="c">(3</marc:subfield></marc:datafield><marc:datafield tag="090" ind1=" " ind2=" "><marc:subfield code="a">DS272</marc:subfield><marc:subfield code="b">.I24</marc:subfield></marc:datafield><marc:datafield tag="100" ind1="1" ind2=" "><marc:subfield code="6">880-01</marc:subfield><marc:subfield code="a">Ibn Miskawayh, Aḥmad ibn Muḥammad,</marc:subfield><marc:subfield code="d">-1030,</marc:subfield><marc:subfield code="e">author.</marc:subfield></marc:datafield><marc:datafield tag="240" ind1="1" ind2="0"><marc:subfield code="6">880-02</marc:subfield><marc:subfield code="a">Tajārub al-umam.</marc:subfield></marc:datafield><marc:datafield tag="245" ind1="1" ind2="0"><marc:subfield code="6">880-03</marc:subfield><marc:subfield code="a">Kitāb tajārub al-umam /</marc:subfield><marc:subfield code="c">li-Abī ʻAlī Aḥmad ibn Muḥammad al-maʻrūf bi-Miskawayh ; maʻa nukhab min tawārīkh shattá tataʻallaq bi-al-umūr al-madhkūrah fī-hi wa-qad iʻtaná bi-al-naskh wa-al-taṣḥīḥ H.F. Āmidrūz.</marc:subfield></marc:datafield><marc:datafield tag="246" ind1="3" ind2=" "><marc:subfield code="a">Tajārib al-umam.</marc:subfield></marc:datafield><marc:datafield tag="246" ind1="3" ind2="3"><marc:subfield code="6">880-04</marc:subfield><marc:subfield code="a">Dhayl Kitab tajārib al-umam.</marc:subfield></marc:datafield><marc:datafield tag="264" ind1=" " ind2="1"><marc:subfield code="6">880-05</marc:subfield><marc:subfield code="a">Miṣr :</marc:subfield><marc:subfield code="b">Sharikat al-Tamaddun al-Ṣināʻīyah,</marc:subfield><marc:subfield code="c">[1332-1334 H], [1914-1916 M]</marc:subfield></marc:datafield><marc:datafield tag="300" ind1=" " ind2=" "><marc:subfield code="a">3 volumes ;</marc:subfield><marc:subfield code="c">25 cm.</marc:subfield></marc:datafield><marc:datafield tag="336" ind1=" " ind2=" "><marc:subfield code="a">text</marc:subfield><marc:subfield code="b">txt</marc:subfield><marc:subfield code="2">rdacontent.</marc:subfield></marc:datafield><marc:datafield tag="337" ind1=" " ind2=" "><marc:subfield code="a">unmediated</marc:subfield><marc:subfield code="b">n</marc:subfield><marc:subfield code="2">rdamedia.</marc:subfield></marc:datafield><marc:datafield tag="338" ind1=" " ind2=" "><marc:subfield code="a">volume</marc:subfield><marc:subfield code="b">nc</marc:subfield><marc:subfield code="2">rdacarrier.</marc:subfield></marc:datafield><marc:datafield tag="500" ind1=" " ind2=" "><marc:subfield code="6">880-06</marc:subfield><marc:subfield code="a">Volumes 3 entitled: Dhayl Kitab tajārib al-umam, lil-Wazīr Abī Shujāʻ Muḥammad bin al-Ḥusayn al-mulaqqab Ẓahīr al-Dīn al-Rūdhrāwūrī min sanat 369 ilá 389, wa-talīh qiṭʻah min tārīkh Hilāl al-Ṣābī al-Kātib.</marc:subfield></marc:datafield><marc:datafield tag="504" ind1=" " ind2=" "><marc:subfield code="a">Includes bibliographical references.</marc:subfield></marc:datafield><marc:datafield tag="505" ind1="0" ind2=" "><marc:subfield code="6">880-07</marc:subfield><marc:subfield code="a">Volume 1. Yaḥtawī ʻalá ḥawādith khams wa-thalāthīn sanah min 295 ilá 329 Hijrīyah -- Volume 2. Yaḥtawī ʻalá ḥawādith arbaʻīn sanah min 329 ilá 369 Hijrīyah -- Volume 3. Yaḥtawī ʻalá ḥawādith khams wa-ʻishrīn sanah min 369 ilá 393 Hijrīyah.</marc:subfield></marc:datafield><marc:datafield tag="651" ind1=" " ind2="0"><marc:subfield code="a">Iran</marc:subfield><marc:subfield code="x">History.</marc:subfield></marc:datafield><marc:datafield tag="651" ind1=" " ind2="0"><marc:subfield code="a">Islamic countries</marc:subfield><marc:subfield code="x">History.</marc:subfield></marc:datafield><marc:datafield tag="700" ind1="1" ind2=" "><marc:subfield code="a">Amedroz, H. F.</marc:subfield><marc:subfield code="q">(Henry Frederick),</marc:subfield><marc:subfield code="d">1855-1917,</marc:subfield><marc:subfield code="e">editor.</marc:subfield></marc:datafield><marc:datafield tag="880" ind1="1" ind2="0"><marc:subfield code="6">240-02/(3/r</marc:subfield><marc:subfield code="a">تجارب الأمم.</marc:subfield></marc:datafield><marc:datafield tag="880" ind1="1" ind2=" "><marc:subfield code="6">100-01/(3/r</marc:subfield><marc:subfield code="a">ابن مسكويه، أحمد بن محمد،‪</marc:subfield><marc:subfield code="d">- 1030.</marc:subfield></marc:datafield><marc:datafield tag="880" ind1="1" ind2="0"><marc:subfield code="6">245-03/(3/r</marc:subfield><marc:subfield code="a">كتاب تجارب الأمم /‪</marc:subfield><marc:subfield code="c">لأبي علي أحمد بن محمد المعروف بمسكويه ؛ مع نخب من تواريخ شتى تتعلق بالأمور المذكورة فيه وقد اعتنى بالنسخ و التصحيح هـ. ف. آمدروز..</marc:subfield></marc:datafield><marc:datafield tag="880" ind1="3" ind2="3"><marc:subfield code="6">246-04/(3/r</marc:subfield><marc:subfield code="a">ذيل كتب تجارب الأمم.</marc:subfield></marc:datafield><marc:datafield tag="880" ind1=" " ind2="1"><marc:subfield code="6">264-05/(3/r</marc:subfield><marc:subfield code="a">مصر :‪</marc:subfield><marc:subfield code="b">شركة التمدن الصناعية،‪</marc:subfield><marc:subfield code="c">[1332-1334 هـ], [1914-1916 م]</marc:subfield></marc:datafield><marc:datafield tag="880" ind1=" " ind2=" "><marc:subfield code="6">500-06/(3/r</marc:subfield><marc:subfield code="a">Volumes 3 entitled: ذيل كتب تجارب الأمم، لأبي شجاع محمد بن الحسين الملقب ظهير الدين الروذراووري من سنة 369 إلى 389, وتليه قطعة من تاريخ هلال الصابي الكاتب..</marc:subfield></marc:datafield><marc:datafield tag="880" ind1="0" ind2=" "><marc:subfield code="6">505-07/(3/r</marc:subfield><marc:subfield code="a">volume 1. يحتوي على حوادث خمس وثلاثين سنة من 295 إلى 329 هجرية -- volume 2. يحتوي على حوادث أربعين سنة من 329 إلى 369 هجرية -- volume 3. يحتوي على حوادث خمس وعشرين سنة من 369 إلى 393 هجرية..</marc:subfield></marc:datafield><marc:datafield tag="907" ind1=" " ind2=" "><marc:subfield code="a">.b13767598</marc:subfield><marc:subfield code="b">main </marc:subfield></marc:datafield><marc:datafield tag="902" ind1=" " ind2=" "><marc:subfield code="a">170923</marc:subfield></marc:datafield><marc:datafield tag="998" ind1=" " ind2=" "><marc:subfield code="b">3</marc:subfield><marc:subfield code="c">060813</marc:subfield><marc:subfield code="d">m</marc:subfield><marc:subfield code="e">a</marc:subfield><marc:subfield code="f">-</marc:subfield><marc:subfield code="g">0</marc:subfield><marc:subfield code="k">MAH</marc:subfield></marc:datafield><marc:datafield tag="945" ind1=" " ind2=" "><marc:subfield code="l">main </marc:subfield><marc:subfield code="u">v.v.1</marc:subfield></marc:datafield></marc:record>
</marc:collection>
